@article{levy2014linguistic,
  title={Linguistic regularities in sparse and explicit word representations},
  author={Levy, Omer and Goldberg, Yoav and Ramat-Gan, Israel},
  journal={CoNLL-2014},
  pages={171},
  year={2014}
}

@article{mikolov2013exploiting,
  title={Exploiting similarities among languages for machine translation},
  author={Mikolov, Tomas and Le, Quoc V and Sutskever, Ilya},
  journal={arXiv preprint arXiv:1309.4168},
  year={2013}
}

@article{wolf2014joint,
  title={Joint word2vec networks for bilingual semantic representations},
  author={Wolf, Lior and Hanani, Yair and Bar, Kfir and Dershowitz, Nachum},
  journal={International Journal of Computational Linguistics and Applications},
  volume={5},
  number={1},
  pages={27--44},
  year={2014}
}

// The two original word2vec papers:
@inproceedings{mikolov2013distributed,
  title={Distributed representations of words and phrases and their compositionality},
  author={Mikolov, Tomas and Sutskever, Ilya and Chen, Kai and Corrado, Greg S and Dean, Jeff},
  booktitle={Advances in neural information processing systems},
  pages={3111--3119},
  year={2013}
}

@article{mikolov2013efficient,
  title={Efficient estimation of word representations in vector space},
  author={Mikolov, Tomas and Chen, Kai and Corrado, Greg and Dean, Jeffrey},
  journal={arXiv preprint arXiv:1301.3781},
  year={2013}
}