@article{levy2014linguistic,
  title={Linguistic regularities in sparse and explicit word representations},
  author={Levy, Omer and Goldberg, Yoav and Ramat-Gan, Israel},
  journal={CoNLL-2014},
  pages={171},
  year={2014}
}

@article{mikolov2013exploiting,
  title={Exploiting similarities among languages for machine translation},
  author={Mikolov, Tomas and Le, Quoc V and Sutskever, Ilya},
  journal={arXiv preprint arXiv:1309.4168},
  year={2013}
}

@article{wolf2014joint,
  title={Joint word2vec networks for bilingual semantic representations},
  author={Wolf, Lior and Hanani, Yair and Bar, Kfir and Dershowitz, Nachum},
  journal={International Journal of Computational Linguistics and Applications},
  volume={5},
  number={1},
  pages={27--44},
  year={2014}
}

// The two original word2vec papers:
// First
@article{mikolov2013efficient,
  title={Efficient estimation of word representations in vector space},
  author={Mikolov, Tomas and Chen, Kai and Corrado, Greg and Dean, Jeffrey},
  journal={arXiv preprint arXiv:1301.3781},
  year={2013}
}

// Second
@inproceedings{mikolov2013distributed,
  title={Distributed representations of words and phrases and their compositionality},
  author={Mikolov, Tomas and Sutskever, Ilya and Chen, Kai and Corrado, Greg S and Dean, Jeff},
  booktitle={Advances in neural information processing systems},
  pages={3111--3119},
  year={2013}
}

// Performance
@inproceedings{li2015heterospark, 
author={Peilong Li and Yan Luo and Ning Zhang and Yu Cao}, 
booktitle={Networking, Architecture and Storage (NAS), 2015 IEEE International Conference on}, 
title={HeteroSpark: A heterogeneous CPU/GPU Spark platform for machine learning algorithms}, 
year={2015}, 
pages={347-348}, 
doi={10.1109/NAS.2015.7255222}, 
month={Aug},}

@article{boycheva2015distributional,
  title={Distributional Similarity Music Recommendations Versus Spotify: A Comparison Based on User Evaluation},
  author={Boycheva, Nevyana},
  year={2015}
}

// Number of dimensions
@article{jeffreypennington2014glove,
  title={Glove: Global vectors for word representation},
  author={JeffreyPennington, RichardSocher and Manning, ChristopherD},
  year={2014}
}

// CommonCrawl internet stats
@inproceedings{buck2014n,
  title={N-gram counts and language models from the common crawl},
  author={Buck, Christian and Heafield, Kenneth and van Ooyen, Bas},
  booktitle={Proceedings of the Language Resources and Evaluation Conference},
  year={2014}
}

//Extending word2vec to sentences or documents
@article{le2014distributed,
  title={Distributed representations of sentences and documents},
  author={Le, Quoc V and Mikolov, Tomas},
  journal={arXiv preprint arXiv:1405.4053},
  year={2014}
}

@article{wang2014introduction,
  title={Introduction to Word2vec and its application to find predominant word senses},
  author={Wang, Huizhen},
  year={2014}
}

@article{bengio2007scaling,
  title={Scaling learning algorithms towards AI},
  author={Bengio, Yoshua and LeCun, Yann and others},
  journal={Large-scale kernel machines},
  volume={34},
  number={5},
  year={2007}
}